@misc{ototrakOtoTrakTrack,
	author = {OtoTrak},
	title = {{O}to{T}rak - {T}rack your watercraft --- ototrak.com},
	url = {https://www.ototrak.com/en-us},
	year = {2024},
	note = {Accessed},
}

@book{conover1999practical,
  title={Practical nonparametric statistics},
  author={Conover, W. J.},
  volume={350},
  year={1999},
  publisher={John Wiley \& Sons},
address={Hoboken, New Jersey, United States of America},
}

@inbook{mcdonald2014wilcoxon,
  title={Wilcoxon signed-rank test},
  author={McDonald, J. H.},
  booktitle={Handbook of Biological Statistics},
  pages={186--189},
  year={2014},
  publisher={Sparky House Publishing},
  address={Baltimore, Maryland}
}

@article{wilcoxon1992individual,
 ISSN = {00994987},
 URL = {http://www.jstor.org/stable/3001968},
 author = {Wilcoxon, F.},
 journal = {Biometrics Bulletin},
 number = {6},
 pages = {80--83},
 publisher = {[International Biometric Society, Wiley]},
 title = {Individual {C}omparisons by {R}anking {M}ethods},
 urldate = {2024-11-01},
 volume = {1},
 year = {1945},
doi={10.2307/3001968},
url={http://dx.doi.org/10.2307/3001968},
}

@article{sidney1957nonparametric,
  title={Nonparametric statistics for the behavioral sciences},
  author={Sidney, Siegel},
  journal={The Journal of Nervous and Mental Disease},
  volume={125},
  number={3},
  pages={497},
  year={1957},
  publisher={LWW},
    doi = {10.1097/00005053-195707000-00032},
url={http://dx.doi.org/10.1097/00005053-195707000-00032}
}

@article{singh2020investigating,
  title={Investigating the impact of data normalization on classification performance},
  author={Singh, D. and Singh, B.},
  journal={Applied Soft Computing},
  volume={97},
  pages={105524},
  year={2020},
  publisher={Elsevier},
    doi = {10.1016/j.asoc.2019.105524},
url={http://dx.doi.org/10.1016/j.asoc.2019.105524}
}

@article{nawi2013effect,
  title={The effect of data pre-processing on optimized training of artificial neural networks},
  author={Nawi, N. M. and Atomi, W. H. and Rehman, M. Z.},
  journal={Procedia Technology},
  volume={11},
  pages={32--39},
  year={2013},
  publisher={Elsevier},
    doi = {10.1016/j.protcy.2013.12.159},
url={http://dx.doi.org/10.1016/j.protcy.2013.12.159}
}

@inproceedings{pascanu2013difficulty,
  title={On the difficulty of training recurrent neural networks},
  author={Pascanu, R. and Mikolov, T. and Bengio, Y.},
  booktitle={International Conference on Machine Learning},
  pages={1310--1318},
  year={2013},
    doi = {10.48550/arXiv.1211.5063},
url={http://dx.doi.org/10.48550/arXiv.1211.5063}
}

@article{otovic2022sequential,
  title={Sequential {P}roperties {R}epresentation {S}cheme for {R}ecurrent {N}eural {N}etwork-{B}ased {P}rediction of {T}herapeutic {P}eptides},
  author={Otovi{\'{c}}, E. and Njirjak, M. and Kalafatovic, D. and Mau{\v{s}}a, G.},
  journal={Journal of Chemical Information and Modeling},
  volume={62},
  number={12},
  pages={2961--2972},
  year={2022},
  publisher={ACS Publications},
    doi = {10.1021/acs.jcim.2c00526},
url={http://dx.doi.org/10.1021/acs.jcim.2c00526}
}

@article{srivastava2014dropout,
  title={Dropout: {A} simple way to prevent neural networks from overfitting},
  author={Srivastava, N. and Hinton, G. and Krizhevsky, A. and Sutskever, I. and Salakhutdinov, R.},
  journal={The Journal of Machine Learning Research},
  volume={15},
  number={1},
  pages={1929--1958},
  year={2014},
  publisher={JMLR. org},
doi={10.5555/2627435.2670313},
url={http://dx.doi.org/10.5555/2627435.2670313},
}

@inproceedings{liu2014vehicle,
  title={Vehicle lateral position prediction: {A} small step towards a comprehensive risk assessment system},
  author={Liu, Q. and Lathrop, B. and Butakov, V.},
  booktitle={17th International IEEE Conference on Intelligent Transportation Systems (ITSC)},
  pages={667--672},
  year={2014},
  organization={IEEE},
doi={10.1109/ITSC.2014.6957766},
url={http://dx.doi.org/10.1109/ITSC.2014.6957766},
}

@article{Booij1999,
    author = {Booij, N. and Ris, R. and Holthuijsen, Leo},
    year = {1999},
    month = {01},
    pages = {7649-7656},
    title = {A third-generation wave model for coastal regions, {P}art {I}, {M}odel description and validation},
    volume = {104},
doi={10.1029/98JC02622},
url={http://dx.doi.org/10.1029/98JC02622},
    journal = {J. Geophys. Res.}
}

@article{Ris1999,
    author = {Ris, R. and Booij, N. and Holthuijsen, Leo},
    year = {1999},
    month = {04},
    pages = {7667-7681},
    title = {A third-generation wave model for coastal regions: 2. {V}erification},
    volume = {104},
    journal = {J. Geophys. Res.},
    doi = {10.1029/1998JC900123},
url={http://dx.doi.org/10.1029/1998JC900123}
} 

@book{Zambreskey1988,
    author = {Zambreskey, L.},
    title = {A verification study of the global {W}{A}{M} model {D}ecember 1987 â€“ {N}ovember 1988.},
    publisher = {GKSS Forschungszentrum},
  address={Geesthacht},
	year = {1988},
}

@book{bonferroni1936teoria,
  title={Teoria statistica delle classi e calcolo delle probabilit{\`a}},
  author={Bonferroni, C.E.},
  series={Pubblicazioni del R. Istituto superiore di scienze economiche e commerciali di Firenze},
  url={https://books.google.hr/books?id=3CY-HQAACAAJ},
  year={1936},
  publisher={Seeber},
  address={Bagni di Lucca, Italy}
}

@article{dunn1961multiple,
  title={Multiple comparisons among means},
  author={Dunn, O. J.},
  journal={Journal of the American statistical association},
  volume={56},
  number={293},
  pages={52--64},
  year={1961},
  publisher={Taylor \& Francis},
doi={10.2307/2282330},
url={http://dx.doi.org/10.2307/2282330},
}

@book{mittelhammer2000econometric,
  title={Econometric foundations pack with CD-ROM},
  author={Mittelhammer, R. and Judge, G. G. and Miller, D. J.},
  year={2000},
  publisher={Cambridge University Press},
  address={Cambridge, United Kingdom}
}

@book{rupert2012simultaneous,
  title={Simultaneous statistical inference},
  author={Rupert Jr, G. and others},
  year={2012},
  publisher={Springer Science \& Business Media},
  address={Berlin/Heidelberg, Germany}
}

@article{olesen2023contextually,
  title={A {C}ontextually {S}upported {A}bnormality {D}etector for {M}aritime {T}rajectories},
  author={Olesen, K. V. and Boubekki, A. and Kampffmeyer, M. C. and Jenssen, R. and Christensen, A. N. and H{\o}rl{\"u}ck, S. and Clemmensen, L. H.},
  journal={Journal of Marine Science and Engineering},
  volume={11},
  number={11},
  pages={2085},
  year={2023},
  publisher={Multidisciplinary Digital Publishing Institute},
doi={10.3390/jmse11112085},
url={http://dx.doi.org/10.3390/jmse11112085}
}

@article{venskus2021unsupervised,
  title={Unsupervised marine vessel trajectory prediction using {L}{S}{T}{M} network and wild bootstrapping techniques},
  author={Venskus, J. and Treigys, P. and Markevi{\v{c}}i{\=u}t{\.e}, J.},
  journal={Nonlinear analysis: modelling and control.},
  volume={26},
  number={4},
  pages={718--737},
  year={2021},
  publisher={Vilniaus universiteto leidykla},
doi={10.15388/namc.2021.26.23056},
url={http://dx.doi.org/10.15388/namc.2021.26.23056}
}

@article{jiang2022graph,
  title={Graph neural network for traffic forecasting: {A} survey},
  author={Jiang, W. and Luo, J.},
  journal={Expert systems with applications},
  volume={207},
  pages={117921},
  year={2022},
  publisher={Elsevier},
doi={10.1016/j.eswa.2022.117921},
url={http://dx.doi.org/10.1016/j.eswa.2022.117921}
}

@article{jiang2023graph,
  title={Graph neural network for traffic forecasting: {T}he research progress},
  author={Jiang, W. and Luo, J. and He, M. and Gu, W.},
  journal={ISPRS International Journal of Geo-Information},
  volume={12},
  number={3},
  pages={100},
  year={2023},
  publisher={Multidisciplinary Digital Publishing Institute},
doi={10.3390/ijgi12030100},
url={http://dx.doi.org/10.3390/ijgi12030100}
}

@article{bao2023spatial,
  title={A spatial-reduction attention-based {B}i{G}{R}{U} network for water level prediction},
  author={Bao, K. and Bi, J. and Ma, R. and Sun, Y. and Zhang, W. and Wang, Y.},
  journal={Water},
  volume={15},
  number={7},
  pages={1306},
  year={2023},
  publisher={Multidisciplinary Digital Publishing Institute},
doi={10.3390/w15071306},
url={http://dx.doi.org/10.3390/w15071306}
}

@article{bao2022improved,
  title={An improved ship trajectory prediction based on {A}{I}{S} data using {M}{H}{A}-{B}i{G}{R}{U}},
  author={Bao, K. and Bi, J. and Gao, M. and Sun, Y. and Zhang, X. and Zhang, W.},
  journal={Journal of Marine Science and Engineering},
  volume={10},
  number={6},
  pages={804},
  year={2022},
  publisher={Multidisciplinary Digital Publishing Institute},
doi={10.3390/jmse10060804},
url={http://dx.doi.org/10.3390/jmse10060804}
}

@article{agarap2018statistical,
  title={Statistical analysis on {E}-commerce reviews, with sentiment classification using bidirectional recurrent neural network ({R}{N}{N})},
  author={Agarap, A. F.},
  journal={arXiv preprint arXiv:1805.03687},
  year={2018},
doi={10.48550/arXiv.1805.03687},
url={http://dx.doi.org/10.48550/arXiv.1805.03687}
}

@misc{olah2015neural,
  title={{N}eural {N}etworks, {T}ypes, and {F}unctional {P}rogramming},
  author={Olah, C.},
  year={2015},
  url = {http://colah.github.io/posts/2015-09-NN-Types-FP/},
note = {Accesssed}
}

@article{gregov2022modeling,
  title={Modeling and predictive analysis of the hydraulic {G}{E}{R}{O}{L}{E}{R} motor based on artificial neural network},
  author={Gregov, G.},
  journal={Engineering Review},
  volume={42},
  number={2},
  pages={91--100},
  year={2022},
  publisher={Faculty of Engineering/Faculty of Civil Engineering, University of Rijeka},
doi={10.30765/er.1813},
url={http://dx.doi.org/10.30765/er.1813}
}

@inbook{dolgov2016google,
      author = {Anonymous},
      editor = {McGregor, S.},
      booktitle = {AI Incident Database},
      publisher = {Responsible AI Collaborative},
      title = {Incident Number 71},
      url = {https://incidentdatabase.ai/cite/71},
note = {Accesssed},
      year = {2016},
      urldate = {November 1, 2024}
}

@inbook{gowda2020finding,
  author={Gowda, T. and May, J.},
  year={2020},
url = {http://dx.doi.org/10.18653/v1/2020.findings-emnlp.352},
doi = {10.18653/v1/2020.findings-emnlp.352},
title = "Finding the {O}ptimal {V}ocabulary {S}ize for {N}eural {M}achine {T}ranslation",
    editor = "Cohn, T. and He, Y. and Liu, Y.",
    booktitle = "Findings of the Association for Computational Linguistics: EMNLP 2020",
    month = nov,
    year = "2020",
    address = "Online",
    publisher = "Association for Computational Linguistics",
    pages = "3955--3964",
}

@article{lefevre2014survey,
  title={A survey on motion prediction and risk assessment for intelligent vehicles},
  author={Lef{\`e}vre, S. and Vasquez, D. and Laugier, Ch.},
  journal={ROBOMECH journal},
  volume={1},
  pages={1--14},
  year={2014},
doi={10.1186/s40648-014-0001-z},
url = {http://dx.doi.org/10.1186/s40648-014-0001-z},
  publisher={Springer}
}

@inbook{tay2012probabilistic,
  title={Probabilistic {V}ehicle {M}otion {M}odeling and {R}isk {E}stimation},
  author={Tay, C. and Mekhnacha, K. and Laugier, C.},
  booktitle={Handbook of Intelligent Vehicles},
  volume={2},
  pages={1479--1516},
  year={2012},
  publisher={Springer},
  address={Berlin/Heidelberg, Germany},
doi={10.1007/978-0-85729-085-4\_57},
url={http://dx.doi.org/10.1007/978-0-85729-085-4\_57}
}

@inproceedings{streubel2014prediction,
  title={Prediction of driver intended path at intersections},
  author={Streubel, T. and Hoffmann, K. H.},
  booktitle={2014 IEEE intelligent vehicles symposium proceedings},
  pages={134--139},
  year={2014},
  organization={IEEE},
doi={10.1109/IVS.2014.6856508},
url={http://dx.doi.org/10.1109/IVS.2014.6856508}
}

@inproceedings{carvalho2014stochastic,
  title={Stochastic predictive control of autonomous vehicles in uncertain environments},
  author={Carvalho, A. and Gao, Y. and Lefevre, S. and Borrelli, F.},
  booktitle={12th international symposium on advanced vehicle control},
  volume={9},
  year={2014}
}

@inproceedings{mandalia2005using,
  title={Using support vector machines for lane-change detection},
  author={Mandalia, H. M. and Salvucci, M. D. D.},
  booktitle={Proceedings of the human factors and ergonomics society annual meeting},
  volume={49},
  number={22},
  pages={1965--1969},
  year={2005},
  publisher={SAGE Publications Sage CA},
  address={Los Angeles, California}
}

@inproceedings{kumar2013learning,
  title={Learning-based approach for online lane change intention prediction},
  author={Kumar, P. and Perrollaz, M. and Lefevre, S. and Laugier, C.},
  booktitle={2013 IEEE Intelligent Vehicles Symposium (IV)},
  pages={797--802},
  year={2013},
  organization={IEEE},
doi={10.1109/IVS.2013.6629564},
url={http://dx.doi.org/10.1109/IVS.2013.6629564}
}

@inproceedings{houenou2013vehicle,
  title={Vehicle trajectory prediction based on motion model and maneuver recognition},
  author={Houenou, A. and Bonnifait, P. and Cherfaoui, V. and Yao, W.},
  booktitle={2013 IEEE/RSJ international conference on intelligent robots and systems},
  pages={4363--4369},
  year={2013},
  organization={IEEE},
doi={10.1109/IROS.2013.6696982},
url={http://dx.doi.org/10.1109/IROS.2013.6696982}
}

@inproceedings{yoon2016multilayer,
  title={The multilayer perceptron approach to lateral motion prediction of surrounding vehicles for autonomous vehicles},
  author={Yoon, S. and Kum, D.},
  booktitle={2016 IEEE Intelligent Vehicles Symposium (IV)},
  pages={1307--1312},
  year={2016},
  organization={IEEE},
doi={10.1109/IVS.2016.7535559},
url={http://dx.doi.org/10.1109/IVS.2016.7535559}
}

@inproceedings{khosroshahi2016surround,
  title={Surround vehicles trajectory analysis with recurrent neural networks},
  author={Khosroshahi, A. and Ohn-Bar, E. and Trivedi, M. M.},
  booktitle={2016 IEEE 19th International Conference on Intelligent Transportation Systems (ITSC)},
  pages={2267--2272},
  year={2016},
  organization={IEEE},
doi={10.1109/ITSC.2016.7795922},
url={http://dx.doi.org/10.1109/ITSC.2016.7795922}
}

@inproceedings{phillips2017generalizable,
  title={Generalizable intention prediction of human drivers at intersections},
  author={Phillips, D. J. and Wheeler, T. A. and Kochenderfer, M. J.},
  booktitle={2017 IEEE intelligent vehicles symposium (IV)},
  pages={1665--1670},
  year={2017},
  organization={IEEE},
doi={10.1109/IVS.2017.7995948},
url={http://dx.doi.org/10.1109/IVS.2017.7995948}
}

@inproceedings{volz2016predicting,
  title={Predicting pedestrian crossing using quantile regression forests},
  author={V{\"o}lz, B. and Mielenz, H. and Siegwart, R. and Nieto, J.},
  booktitle={2016 IEEE Intelligent Vehicles Symposium (IV)},
  pages={426--432},
  year={2016},
  organization={IEEE},
doi={10.1109/IVS.2016.7535421},
url={http://dx.doi.org/10.1109/IVS.2016.7535421}
}

@article{tomar2012safety,
  title={Safety of {L}ane {C}hange {M}aneuver {T}hrough {A} {P}riori {P}rediction of {T}rajectory {U}sing {N}eural {N}etworks},
  author={Tomar, R. S. and Verma, S.},
  journal={Netw. Protoc. Algorithms},
  volume={4},
  number={1},
  pages={4--21},
  year={2012},
doi={10.5296/npa.v4i1.1240},
url={http://dx.doi.org/10.5296/npa.v4i1.1240}
}

@inproceedings{liu2014vehicle,
  title={Vehicle lateral position prediction: {A} small step towards a comprehensive risk assessment system},
  author={Liu, Q. and Lathrop, B. and Butakov, V.},
  booktitle={17th International IEEE Conference on Intelligent Transportation Systems (ITSC)},
  pages={667--672},
  year={2014},
  organization={IEEE},
doi={10.1109/ITSC.2014.6957766},
url={http://dx.doi.org/10.1109/ITSC.2014.6957766}
}

@inproceedings{zernetsch2016trajectory,
  title={Trajectory prediction of cyclists using a physical model and an artificial neural network},
  author={Zernetsch, S. and Kohnen, S. and Goldhammer, M. and Doll, K. and Sick, B.},
  booktitle={2016 IEEE Intelligent Vehicles Symposium (IV)},
  pages={833--838},
  year={2016},
  organization={IEEE},
doi={10.1109/IVS.2016.7535484},
url={http://dx.doi.org/10.1109/IVS.2016.7535484}
}

@inproceedings{duan2016travel,
  title={Travel time prediction with {L}{S}{T}{M} neural network},
  author={Duan, Y. and Yisheng, L. V. and Wang, F. Y.},
  booktitle={2016 IEEE 19th international conference on intelligent transportation systems (ITSC)},
  pages={1053--1058},
  year={2016},
  organization={IEEE},
doi={10.1109/ITSC.2016.7795686},
url={http://dx.doi.org/10.1109/ITSC.2016.7795686}
}

@inproceedings{alahi2016social,
  title={Social {L}{S}{T}{M}: {H}uman trajectory prediction in crowded spaces},
  author={Alahi, A. and Goel, K. and Ramanathan, V. and Robicquet, A. and Fei-Fei, L. and Savarese, S.},
  booktitle={Proceedings of the IEEE conference on computer vision and pattern recognition},
  pages={961--971},
  year={2016},
doi={10.1109/CVPR.2016.110},
url={http://dx.doi.org/10.1109/CVPR.2016.110}
}

@article{fushiki2011estimation,
  title={Estimation of prediction error by using {K}-fold cross-validation},
  author={Fushiki, T.},
  journal={Statistics and Computing},
  volume={21},
  pages={137--146},
  year={2011},
  publisher={Springer},
doi={10.1007/s11222-009-9153-8},
url={http://dx.doi.org/10.1007/s11222-009-9153-8}
}

@inproceedings{gal2016dropout,
  title={Dropout as a {B}ayesian {A}pproximation: {R}epresenting {M}odel {U}ncertainty in {D}eep {L}earning},
  author={Gal, Y. and Ghahramani, Z.},
  booktitle = {Proceedings of The 33rd International Conference on Machine Learning},
  pages={1050--1059},
  editor = {Balcan, M. F. and Weinberger, K. Q.},
  year={2016},
  volume = 	 {48},
  month = 	 {20--22 Jun},
  organization={Proceedings of Machine Learning Research},
  series = 	 {Proceedings of Machine Learning Research},
  publisher =    {Proceedings of Machine Learning Research},
  address = 	 {New York, New York, United States of America},
  pdf = 	 {http://proceedings.mlr.press/v48/gal16.pdf},
note = {Accessed},
  url = 	 {https://proceedings.mlr.press/v48/gal16.html}, 
}

@article{hochreiter1997long,
  title={Long short-term memory},
  author={Hochreiter, S. and Schmidhuber, J.},
  journal={Neural computation},
  volume={9},
  number={8},
  pages={1735--1780},
  year={1997},
  publisher={MIT press},
doi = {10.1162/neco.1997.9.8.1735},
url={http://dx.doi.org/10.1162/neco.1997.9.8.1735}
}

@article{gers2000learning,
  title={Learning to forget: {C}ontinual prediction with {L}{S}{T}{M}},
  author={Gers, F. A. and Schmidhuber, J. and Cummins, F.},
  journal={Neural computation},
  volume={12},
  number={10},
  pages={2451--2471},
  year={2000},
  publisher={MIT press},
doi = {10.1162/089976600300015015},
url={http://dx.doi.org/10.1162/089976600300015015}
}

@inproceedings{zyner2017long,
  title={Long short term memory for driver intent prediction},
  author={Zyner, A. and Worrall, S. and Ward, J. and Nebot, E.},
  booktitle={2017 IEEE Intelligent Vehicles Symposium (IV)},
  pages={1484--1489},
  year={2017},
  organization={IEEE},
doi = {10.1109/IVS.2017.7995919},
url={http://dx.doi.org/10.1109/IVS.2017.7995919}
}

@article{ding2013neural,
  title={A neural network model for driverâ€™s lane-changing trajectory prediction in urban traffic flow},
  author={Ding, C. and Wang, W. and Wang, X. and Baumann, M. and others},
  journal={Mathematical Problems in Engineering},
  volume={2013},
  year={2013},
  publisher={Hindawi},
doi = {10.1155/2013/967358},
url={http://dx.doi.org/10.1155/2013/967358}
}

@article{zheng2014predicting,
  title={Predicting driverâ€™s lane-changing decisions using a neural network model},
  author={Zheng, J. and Suzuki, K. and Fujita, M.},
  journal={Simulation Modelling Practice and Theory},
  volume={42},
  pages={73--83},
  year={2014},
  publisher={Elsevier},
doi = {10.1016/j.simpat.2013.12.007},
url={http://dx.doi.org/10.1016/j.simpat.2013.12.007}
}

@inproceedings{altche2017lstm,
  title={An {L}{S}{T}{M} network for highway trajectory prediction},
  author={Altch{\'e}, F. and de La Fortelle, A.},
  booktitle={2017 IEEE 20th international conference on intelligent transportation systems (ITSC)},
  pages={353--359},
  year={2017},
  organization={IEEE},
doi = {10.48550/arXiv.1801.07962},
url={http://dx.doi.org/10.48550/arXiv.1801.07962}
}

@article{gao2024units,
  title={Uni{T}{S}: {B}uilding a {U}nified {T}ime {S}eries {M}odel},
  author={Gao, S. and Koker, T. and Queen, O. and Hartvigsen, T. and Tsiligkaridis, T. and Zitnik, M.},
  journal={arXiv preprint arXiv:2403.00131},
  year={2024},
doi = {10.48550/arXiv.2403.00131},
url={http://dx.doi.org/10.48550/arXiv.2403.00131}
}

@techreport{Hiemsch2023,
    author = {Hiemsch, P.},
    title = {{I}ncorporating {A}ttention {M}echanisms in {R}{N}{N}-based Encoder-{D}ecoder {M}odels},
    institution = {Lebanese International University},
    year = {2023},
url={https://github.com/PatrickSVM/Seq2Seq-with-Attention.git},
note={Accessed}
}

@article{touvron2023llama,
  title={L{L}a{M}{A}: {O}pen and {E}fficient {F}oundation {L}anguage {M}odels},
      author={Touvron, H. and Lavril, T. and Izacard, G. and Martinet, X.and Lachaux, M. A. and Lacroix, T. and Rozi{\`e}re, B. and Goyal, N. and Hambro, E. and Azhar, F. and others},
  journal={arXiv preprint arXiv:2302.13971},
  year={2023},
doi = {10.48550/arXiv.2302.13971},
url={http://dx.doi.org/10.48550/arXiv.2302.13971}
}

@article{bahdanau2014neural,
  title={Neural {M}achine {T}ranslation by {J}ointly {L}Learning to {A}lign and {T}ranslate},
  author={Bahdanau, D. and Cho, K. and Bengio, Y.},
  journal={arXiv preprint arXiv:1409.0473},
  year={2014},
doi = {10.48550/arXiv.1409.0473},
url={http://dx.doi.org/10.48550/arXiv.1409.0473}
}

@article{sutskever2014sequence,
  title={Sequence to {S}equence {L}earning with {N}eural {N}etworks},
  author={Sutskever, I. and Vinyals, O. and Le, Q. V.},
  journal={Advances in neural information processing systems},
  volume={27},
  year={2014},
doi = {10.48550/arXiv.1409.3215},
url={http://dx.doi.org/10.48550/arXiv.1409.3215}
}

@article{vaswani2017attention,
  title={Attention is {A}ll {Y}ou {N}eed},
  author={Vaswani, A. and Shazeer, N. and Parmar, N. and Uszkoreit, J.and Jones, L. and Gomez, A. N.and Kaiser, {\L}. and Polosukhin, I.},
  journal={Advances in neural information processing systems},
  volume={30},
  year={2017},
doi = {10.48550/arXiv.1706.03762},
url={http://dx.doi.org/10.48550/arXiv.1706.03762}
}

@Article{2021Pedroche,
  author    = {Pedroche, D. S. and Herrero, D. A. and Herrero, J. G. and Lopez, J. M. M.},
  journal   = {2021 IEEE 24th International Conference on Infaormation Fusion (FUSION)},
  title     = {{C}lustering of maritime trajectories with {A}{I}{S} features for context learning},
  year      = {2021},
  month     = nov,
  doi       = {10.23919/fusion49465.2021.9626956},
  publisher = {IEEE},
doi = {10.23919/fusion49465.2021.9626956},
  url       = {http://dx.doi.org/10.23919/fusion49465.2021.9626956},
}